@incollection {Markl08,
    AUTHOR = {Markl, Martin},
     TITLE = {Operads and {PROP}s},
 BOOKTITLE = {Handbook of algebra. {V}ol. 5},
    SERIES = {Handb. Algebr.},
    VOLUME = {5},
     PAGES = {87--140},
 PUBLISHER = {Elsevier/North-Holland, Amsterdam},
      YEAR = {2008},
   MRCLASS = {18D50},
  MRNUMBER = {2523450},
       DOI = {10.1016/S1570-7954(07)05002-4},
       URL = {https://doi.org/10.1016/S1570-7954(07)05002-4},
}