
@article {milnor1958steenrod,
	AUTHOR = {Milnor, John},
	TITLE = {The {S}teenrod algebra and its dual},
	JOURNAL = {Ann. of Math. (2)},
	FJOURNAL = {Annals of Mathematics. Second Series},
	VOLUME = {67},
	YEAR = {1958},
	PAGES = {150--171},
	ISSN = {0003-486X},
	MRCLASS = {55.00 (18.00)},
	MRNUMBER = {99653},
	MRREVIEWER = {G. Hirsch},
	DOI = {10.2307/1969932},
	URL = {https://doi.org/10.2307/1969932},
}

@article {dugger2011mappingspaces,
	AUTHOR = {Dugger, Daniel and Spivak, David I.},
	TITLE = {Mapping spaces in quasi-categories},
	JOURNAL = {Algebr. Geom. Topol.},
	FJOURNAL = {Algebraic \& Geometric Topology},
	VOLUME = {11},
	YEAR = {2011},
	NUMBER = {1},
	PAGES = {263--325},
	ISSN = {1472-2747},
	MRCLASS = {55U40 (18G30)},
	MRNUMBER = {2764043},
	MRREVIEWER = {Mikael Vejdemo Johansson},
	DOI = {10.2140/agt.2011.11.263},
	URL = {https://doi.org/10.2140/agt.2011.11.263},
}

@article {serre1951homologie,
	AUTHOR = {Serre, Jean-Pierre},
	TITLE = {Homologie singuli\'{e}re des espaces fibr\'{e}s. {A}pplications},
	JOURNAL = {Ann. of Math. (2)},
	FJOURNAL = {Annals of Mathematics. Second Series},
	VOLUME = {54},
	YEAR = {1951},
	PAGES = {425--505},
	ISSN = {0003-486X},
	MRCLASS = {56.0X},
	MRNUMBER = {45386},
	MRREVIEWER = {W. S. Massey},
	DOI = {10.2307/1969485},
	URL = {https://doi.org/10.2307/1969485},
}

@article {cisinski2006presheaves,
	AUTHOR = {Cisinski, Denis-Charles},
	TITLE = {Les pr\'{e}faisceaux comme mod\'{e}les des types d'homotopie},
	JOURNAL = {Ast\'{e}risque},
	FJOURNAL = {Ast\'{e}risque},
	NUMBER = {308},
	YEAR = {2006},
	PAGES = {xxiv+390},
	ISSN = {0303-1179},
	ISBN = {978-2-85629-225-9},
	MRCLASS = {55-02 (18F20 18G50 55P60 55U35)},
	MRNUMBER = {2294028},
	MRREVIEWER = {Philippe Gaucher},
}

@book {goerss2009simplicial,
	AUTHOR = {Goerss, Paul G. and Jardine, John F.},
	TITLE = {Simplicial homotopy theory},
	SERIES = {Modern Birkh\"{a}user Classics},
	NOTE = {Reprint of the 1999 edition [MR1711612]},
	PUBLISHER = {Birkh\"{a}user Verlag, Basel},
	YEAR = {2009},
	PAGES = {xvi+510},
	ISBN = {978-3-0346-0188-7},
	MRCLASS = {55U10 (18G55)},
	MRNUMBER = {2840650},
	DOI = {10.1007/978-3-0346-0189-4},
	URL = {https://doi.org/10.1007/978-3-0346-0189-4},
}

@incollection {markl2008props,
	AUTHOR = {Markl, Martin},
	TITLE = {Operads and {PROP}s},
	BOOKTITLE = {Handbook of algebra. {V}ol. 5},
	SERIES = {Handb. Algebr.},
	VOLUME = {5},
	PAGES = {87--140},
	PUBLISHER = {Elsevier/North-Holland, Amsterdam},
	YEAR = {2008},
	MRCLASS = {18D50},
	MRNUMBER = {2523450},
	DOI = {10.1016/S1570-7954(07)05002-4},
	URL = {https://doi.org/10.1016/S1570-7954(07)05002-4},
}

@article {dwyer1980simplicial,
	AUTHOR = {Dwyer, W. G. and Kan, D. M.},
	TITLE = {Simplicial localizations of categories},
	JOURNAL = {J. Pure Appl. Algebra},
	FJOURNAL = {Journal of Pure and Applied Algebra},
	VOLUME = {17},
	YEAR = {1980},
	NUMBER = {3},
	PAGES = {267--284},
	ISSN = {0022-4049},
	MRCLASS = {55U35 (18D20)},
	MRNUMBER = {579087},
	MRREVIEWER = {Timothy Porter},
	DOI = {10.1016/0022-4049(80)90049-3},
	URL = {https://doi.org/10.1016/0022-4049(80)90049-3},
}

@book {boardman2006homotopy,
	AUTHOR = {Boardman, J. M. and Vogt, R. M.},
	TITLE = {Homotopy invariant algebraic structures on topological spaces},
	SERIES = {Lecture Notes in Mathematics, Vol. 347},
	PUBLISHER = {Springer-Verlag, Berlin-New York},
	YEAR = {1973},
	PAGES = {x+257},
	MRCLASS = {55D35},
	MRNUMBER = {0420609},
	MRREVIEWER = {J. Stasheff},
}

@article {livernet2008hopf,
	AUTHOR = {Livernet, Muriel and Patras, Fr\'{e}d\'{e}ric},
	TITLE = {Lie theory for {H}opf operads},
	JOURNAL = {J. Algebra},
	FJOURNAL = {Journal of Algebra},
	VOLUME = {319},
	YEAR = {2008},
	NUMBER = {12},
	PAGES = {4899--4920},
	ISSN = {0021-8693},
	MRCLASS = {18D50 (16W30)},
	MRNUMBER = {2423811},
	DOI = {10.1016/j.jalgebra.2008.03.016},
	URL = {https://doi.org/10.1016/j.jalgebra.2008.03.016},
}

@article {grandis2003cubical,
	AUTHOR = {Grandis, Marco and Mauri, Luca},
	TITLE = {Cubical sets and their site},
	JOURNAL = {Theory Appl. Categ.},
	FJOURNAL = {Theory and Applications of Categories},
	VOLUME = {11},
	YEAR = {2003},
	PAGES = {No. 8, 185--211},
	MRCLASS = {18G30 (18C10 18D10 55U10)},
	MRNUMBER = {1988396},
}

@article {fresse2003hopf,
	AUTHOR = {Fresse, Benoit},
	TITLE = {La construction bar d'une alg\'{e}bre comme alg\'{e}bre de {H}opf
	{$E$}-infini},
	JOURNAL = {C. R. Math. Acad. Sci. Paris},
	FJOURNAL = {Comptes Rendus Math\'{e}matique. Acad\'{e}mie des Sciences. Paris},
	VOLUME = {337},
	YEAR = {2003},
	NUMBER = {6},
	PAGES = {403--408},
	ISSN = {1631-073X},
	MRCLASS = {18D50},
	MRNUMBER = {2015084},
	DOI = {10.1016/S1631-073X(03)00354-6},
	URL = {https://doi.org/10.1016/S1631-073X(03)00354-6},
}

@article {fresse2010bar,
	AUTHOR = {Fresse, Benoit},
	TITLE = {The bar complex of an {$E$}-infinity algebra},
	JOURNAL = {Adv. Math.},
	FJOURNAL = {Advances in Mathematics},
	VOLUME = {223},
	YEAR = {2010},
	NUMBER = {6},
	PAGES = {2049--2096},
	ISSN = {0001-8708},
	MRCLASS = {57T30 (18G55 55P35 55P48)},
	MRNUMBER = {2601008},
	MRREVIEWER = {David Chataur},
	DOI = {10.1016/j.aim.2009.08.022},
	URL = {https://doi.org/10.1016/j.aim.2009.08.022},
}

@article{rivera2018cubical,
	AUTHOR = {Rivera, Manuel and Zeinalian, Mahmoud},
	TITLE = {Cubical rigidification, the cobar construction and the based loop space},
	JOURNAL = {Alg. Geom. Topol.},
	FJOURNAL = {Algebraic \& Geometric Topology},
	VOLUME = {18},
	YEAR = {2018},
	NUMBER = {7},
	PAGES = {3789--3820},
}

@article{minichello2021path,
	title={Categorical models for path spaces},
	author={Minichello, Emilio and Rivera, Manuel and Zeinalian, Mahmoud},
	note={In preparation},
	year={2021}
}

@article {hess2010cobar,
	AUTHOR = {Hess, Kathryn and Tonks, Andrew},
	TITLE = {The loop group and the cobar construction},
	JOURNAL = {Proc. Amer. Math. Soc.},
	FJOURNAL = {Proceedings of the American Mathematical Society},
	VOLUME = {138},
	YEAR = {2010},
	NUMBER = {5},
	PAGES = {1861--1876},
	ISSN = {0002-9939},
	MRCLASS = {55P35 (16E45 18G30 55U10 57T30)},
	MRNUMBER = {2587471},
	MRREVIEWER = {Paul G. Goerss},
	DOI = {10.1090/S0002-9939-09-10238-1},
	URL = {https://doi.org/10.1090/S0002-9939-09-10238-1},
}

@article {baues1998hopf,
	AUTHOR = {Baues, Hans-Joachim},
	TITLE = {The cobar construction as a {H}opf algebra},
	JOURNAL = {Invent. Math.},
	FJOURNAL = {Inventiones Mathematicae},
	VOLUME = {132},
	YEAR = {1998},
	NUMBER = {3},
	PAGES = {467--489},
	ISSN = {0020-9910},
	MRCLASS = {55P35 (18G50 55P62)},
	MRNUMBER = {1625728},
	MRREVIEWER = {Paul G. Goerss},
	DOI = {10.1007/s002220050231},
	URL = {https://doi.org/10.1007/s002220050231},
}

@article {rivera2019path,
	AUTHOR = {Rivera, Manuel and Saneblidze, Samson},
	TITLE = {A combinatorial model for the path fibration},
	JOURNAL = {J. Homotopy Relat. Struct.},
	FJOURNAL = {Journal of Homotopy and Related Structures},
	VOLUME = {14},
	YEAR = {2019},
	NUMBER = {2},
	PAGES = {393--410},
	ISSN = {2193-8407},
	MRCLASS = {55P35 (55P15)},
	MRNUMBER = {3947965},
	MRREVIEWER = {Samik Basu},
	DOI = {10.1007/s40062-018-0216-4},
	URL = {https://doi.org/10.1007/s40062-018-0216-4},
}

@article {adams1956cobar,
	AUTHOR = {Adams, J. F.},
	TITLE = {On the cobar construction},
	JOURNAL = {Proc. Nat. Acad. Sci. U.S.A.},
	FJOURNAL = {Proceedings of the National Academy of Sciences of the United
	States of America},
	VOLUME = {42},
	YEAR = {1956},
	PAGES = {409--412},
	ISSN = {0027-8424},
	MRCLASS = {55.0X},
	MRNUMBER = {79266},
	MRREVIEWER = {W. S. Massey},
	DOI = {10.1073/pnas.42.7.409},
	URL = {https://doi.org/10.1073/pnas.42.7.409},
}

@article {dugger2011rigidification,
	AUTHOR = {Dugger, Daniel and Spivak, David I.},
	TITLE = {Rigidification of quasi-categories},
	JOURNAL = {Algebr. Geom. Topol.},
	FJOURNAL = {Algebraic \& Geometric Topology},
	VOLUME = {11},
	YEAR = {2011},
	NUMBER = {1},
	PAGES = {225--261},
	ISSN = {1472-2747},
	MRCLASS = {55U40 (18G30)},
	MRNUMBER = {2764042},
	MRREVIEWER = {G\'{e}rald Gaudens},
	DOI = {10.2140/agt.2011.11.225},
	URL = {https://doi.org/10.2140/agt.2011.11.225},
}

@article {galvez2020hopf,
	AUTHOR = {{G\'{a}lvez-Carrillo}, Imma and Kaufmann, Ralph M. and Tonks,
	Andrew},
	TITLE = {Three {H}opf algebras from number theory, physics \& topology,
	and their common background {I}: operadic \& simplicial
	aspects},
	JOURNAL = {Commun. Number Theory Phys.},
	FJOURNAL = {Communications in Number Theory and Physics},
	VOLUME = {14},
	YEAR = {2020},
	NUMBER = {1},
	PAGES = {1--90},
	ISSN = {1931-4523},
	MRCLASS = {16T05 (18M70 55P48 81R50)},
	MRNUMBER = {4060970},
	DOI = {10.4310/CNTP.2020.v14.n1.a1},
	URL = {https://doi.org/10.4310/CNTP.2020.v14.n1.a1},
}

@article {kadeishvili2005cubical,
	AUTHOR = {Kadeishvili, Tornike and Saneblidze, Samson},
	TITLE = {A cubical model for a fibration},
	JOURNAL = {J. Pure Appl. Algebra},
	FJOURNAL = {Journal of Pure and Applied Algebra},
	VOLUME = {196},
	YEAR = {2005},
	NUMBER = {2-3},
	PAGES = {203--228},
	ISSN = {0022-4049},
	MRCLASS = {55R05 (05A18 55P10 55P35 55U05)},
	MRNUMBER = {2110523},
	MRREVIEWER = {Dai Tamaki},
	DOI = {10.1016/j.jpaa.2004.08.017},
	URL = {https://doi.org/10.1016/j.jpaa.2004.08.017},
}

@article {brown1981cubes,
	AUTHOR = {Brown, Ronald and Higgins, Philip J.},
	TITLE = {On the algebra of cubes},
	JOURNAL = {J. Pure Appl. Algebra},
	FJOURNAL = {Journal of Pure and Applied Algebra},
	VOLUME = {21},
	YEAR = {1981},
	NUMBER = {3},
	PAGES = {233--260},
	ISSN = {0022-4049},
	MRCLASS = {55P99 (18D99 18G55 55Q05)},
	MRNUMBER = {617135},
	MRREVIEWER = {Johannes Huebschmann},
	DOI = {10.1016/0022-4049(81)90018-9},
	URL = {https://doi.org/10.1016/0022-4049(81)90018-9},
}

@article {berger1995loops,
	AUTHOR = {Berger, Clemens},
	TITLE = {Un groupo\"{i}de simplicial comme mod\'{e}le de l'espace des chemins},
	JOURNAL = {Bull. Soc. Math. France},
	FJOURNAL = {Bulletin de la Soci\'{e}t\'{e} Math\'{e}matique de France},
	VOLUME = {123},
	YEAR = {1995},
	NUMBER = {1},
	PAGES = {1--32},
	ISSN = {0037-9484},
	MRCLASS = {18G30 (55P35 55Q05 55U10 57M05)},
	MRNUMBER = {1330785},
	URL = {http://www.numdam.org/item?id=BSMF_1995__123_1_1_0},
}

@incollection {moerdijk1999monads,
	AUTHOR = {Moerdijk, I.},
	TITLE = {Monads on tensor categories},
	NOTE = {Category theory 1999 (Coimbra)},
	JOURNAL = {J. Pure Appl. Algebra},
	FJOURNAL = {Journal of Pure and Applied Algebra},
	VOLUME = {168},
	YEAR = {2002},
	NUMBER = {2-3},
	PAGES = {189--208},
	ISSN = {0022-4049},
	MRCLASS = {18D10},
	MRNUMBER = {1887157},
	MRREVIEWER = {Kimmo I. Rosenthal},
	DOI = {10.1016/S0022-4049(01)00096-2},
	URL = {https://doi.org/10.1016/S0022-4049(01)00096-2},
}

@article {kadeishvili2003cup-i,
	AUTHOR = {Kadeishvili, T.},
	TITLE = {Cochain operations defining {S}teenrod {$\smile_i$}-products
	in the bar construction},
	JOURNAL = {Georgian Math. J.},
	FJOURNAL = {Georgian Mathematical Journal},
	VOLUME = {10},
	YEAR = {2003},
	NUMBER = {1},
	PAGES = {115--125},
	ISSN = {1072-947X},
	MRCLASS = {55P48 (55S10 57T30)},
	MRNUMBER = {1990691},
	MRREVIEWER = {Dai Tamaki},
}

@article {kadeishvili1999coproducts,
	AUTHOR = {Kadeishvili, T.},
	TITLE = {D{G} {H}opf algebras with {S}teenrod's {$i$}-th coproducts},
	JOURNAL = {Proc. A. Razmadze Math. Inst.},
	FJOURNAL = {Georgian Academy of Sciences. Proceedings of A. Razmadze
	Mathematical Institute},
	VOLUME = {119},
	YEAR = {1999},
	PAGES = {73--84},
	ISSN = {1512-0007},
	MRCLASS = {55S05 (16W30)},
	MRNUMBER = {1710566},
}

@article {smith1994cobar,
	AUTHOR = {Smith, Justin R.},
	TITLE = {Iterating the cobar construction},
	JOURNAL = {Mem. Amer. Math. Soc.},
	FJOURNAL = {Memoirs of the American Mathematical Society},
	VOLUME = {109},
	YEAR = {1994},
	NUMBER = {524},
	PAGES = {viii+141},
	ISSN = {0065-9266},
	MRCLASS = {55U15 (55P35 55R20 57T30)},
	MRNUMBER = {1208225},
	MRREVIEWER = {J. P. May},
	DOI = {10.1090/memo/0524},
	URL = {https://doi.org/10.1090/memo/0524},
}

@article {Fresse2010complex,
	AUTHOR = {Fresse, Benoit},
	TITLE = {The bar complex of an {$E$}-infinity algebra},
	JOURNAL = {Adv. Math.},
	FJOURNAL = {Advances in Mathematics},
	VOLUME = {223},
	YEAR = {2010},
	NUMBER = {6},
	PAGES = {2049--2096},
	ISSN = {0001-8708},
	MRCLASS = {57T30 (18G55 55P35 55P48)},
	MRNUMBER = {2601008},
	MRREVIEWER = {David Chataur},
	DOI = {10.1016/j.aim.2009.08.022},
	URL = {https://doi.org/10.1016/j.aim.2009.08.022},
}

@ARTICLE{hinich2007deformation,
	author = {{Hinich}, V.},
	title = "{Homotopy coherent nerve in deformation theory}",
	journal = {arXiv e-prints},
	year = 2007,
	archivePrefix = {arXiv},
	eprint = {0704.2503}
}

@ARTICLE{franz2020szczarba,
	author = {{Franz}, Matthias},
	title = "{Szczarba's twisting cochain is comultiplicative}",
	journal = {arXiv e-prints},
	year = 2020,
	archivePrefix = {arXiv},
	eprint = {2008.08943}
}

@ARTICLE{getzler1994operads,
	author = {{Getzler}, Ezra and {Jones}, J.~D.~S.},
	title = "{Operads, homotopy algebra and iterated integrals for double loop spaces}",
	journal = {arXiv e-prints},
	year = 1994,
	archivePrefix = {arXiv},
	eprint = {hep-th/9403055}
}