@book{steenrod1962cohomology,
	title={Cohomology operations},
	author={Steenrod, Norman Earl and Epstein, David BA},
	series={Annals of Mathematics Studies},
	number={50},
	year={1962},
	publisher={Princeton University Press}
}

@article{mcclure2003multivariable,
	AUTHOR = {McClure, James and Smith, Jeffrey},
	TITLE = {Multivariable cochain operations and little n-cubes},
	JOURNAL = {JAMS},
	FJOURNAL = {Journal of the American Mathematical Society},
	VOLUME = {26},
	YEAR = {2003},
	NUMBER = {3},
	PAGES = {681--704},
}

@article{berger2004combinatorial,
	AUTHOR = {Berger, Clemens and Fresse, Benoit},
	TITLE = {Combinatorial operad actions on cochains},
	JOURNAL = {Mathematical Proceedings of the Cambridge Philosophical Society},
	VOLUME = {137},
	YEAR = {2004},
	NUMBER = {1},
	PAGES = {135--174},
}

@article {fresse2010props,
	AUTHOR = {Fresse, Benoit},
	TITLE = {Props in model categories and homotopy invariance of
	structures},
	JOURNAL = {Georgian Math. J.},
	FJOURNAL = {Georgian Mathematical Journal},
	VOLUME = {17},
	YEAR = {2010},
	NUMBER = {1},
	PAGES = {79--160},
	ISSN = {1072-947X},
	MRCLASS = {18D50 (16E45 18G55 55P10)},
	MRNUMBER = {2640648},
	MRREVIEWER = {Bruno Vallette},
}